%YAML 1.1
%TAG !u! tag:unity3d.com,2011:
--- !u!244 &-6629021363402947271
AudioMixerEffectController:
  m_ObjectHideFlags: 3
  m_CorrespondingSourceObject: {fileID: 0}
  m_PrefabInstance: {fileID: 0}
  m_PrefabAsset: {fileID: 0}
  m_Name: 
  m_EffectID: 1d8f45c3857dbd645aa090a46745957c
  m_EffectName: Lowpass
  m_MixLevel: c76f4ee2d6509f2439083b6c1410a800
  m_Parameters:
  - m_ParameterName: Cutoff freq
    m_GUID: 86a84cb2d040b5d46937725dbbbf206c
  - m_ParameterName: Resonance
    m_GUID: db05ec5886178d0458b6bc7b6d6b79d0
  m_SendTarget: {fileID: 0}
  m_EnableWetMix: 0
  m_Bypass: 0
--- !u!244 &-2006396454837859590
AudioMixerEffectController:
  m_ObjectHideFlags: 3
  m_CorrespondingSourceObject: {fileID: 0}
  m_PrefabInstance: {fileID: 0}
  m_PrefabAsset: {fileID: 0}
  m_Name: 
  m_EffectID: 3c3bd974a4f1d7445b5ceb203f6e8ff2
  m_EffectName: SFX Reverb
  m_MixLevel: 1498c1395ce947a419d45882254940bc
  m_Parameters:
  - m_ParameterName: Dry Level
    m_GUID: 714430595c1ab1e4d8d46469d00badae
  - m_ParameterName: Room
    m_GUID: 46d19e836314a554b9568c36bdf19cb8
  - m_ParameterName: Room HF
    m_GUID: 5f36e430641991045bb12d90b2384d30
  - m_ParameterName: Decay Time
    m_GUID: 9fc1f4177b8c81f4280b6ac4bd631945
  - m_ParameterName: Decay HF Ratio
    m_GUID: 2d288ac1d848f834689d0248f661a5d1
  - m_ParameterName: Reflections
    m_GUID: 3f74f2a25eb5007409630046056201a5
  - m_ParameterName: Reflect Delay
    m_GUID: af082589a4fdf064a94e43afbbc72ef5
  - m_ParameterName: Reverb
    m_GUID: f40f195b4b0c6f243b023e45035cfad3
  - m_ParameterName: Reverb Delay
    m_GUID: 6d826088d56a2f244bf80d41a3b142be
  - m_ParameterName: Diffusion
    m_GUID: 9b0337c155d83f840a96f31f9198059b
  - m_ParameterName: Density
    m_GUID: bc6c98ef11d499046a0f2a27b6f09ce2
  - m_ParameterName: HF Reference
    m_GUID: 2a972e1712db97b4e9bd1379d287ea1d
  - m_ParameterName: Room LF
    m_GUID: 7dc6a269e0ec75a4f92696c511b65205
  - m_ParameterName: LF Reference
    m_GUID: 36cc07d51df864745a0f801e6ea9afbc
  m_SendTarget: {fileID: 0}
  m_EnableWetMix: 0
  m_Bypass: 0
--- !u!241 &24100000
AudioMixerController:
  m_ObjectHideFlags: 0
  m_CorrespondingSourceObject: {fileID: 0}
  m_PrefabInstance: {fileID: 0}
  m_PrefabAsset: {fileID: 0}
  m_Name: DinerAudio
  m_OutputGroup: {fileID: 0}
  m_MasterGroup: {fileID: 24300002}
  m_Snapshots:
  - {fileID: 24500006}
  - {fileID: 9101228657706081882}
  m_StartSnapshot: {fileID: 24500006}
  m_SuspendThreshold: -80
  m_EnableSuspend: 1
  m_UpdateMode: 0
  m_ExposedParameters:
  - guid: 80808cc3164e19f4f8304908b0c3ed3a
    name: Volume
  - guid: 86a84cb2d040b5d46937725dbbbf206c
    name: Lowpass
  m_AudioMixerGroupViews:
  - guids:
    - 97789b9ba1b8b514898c18bcbab70ce0
    name: View
  - guids:
    - 97789b9ba1b8b514898c18bcbab70ce0
    name: View - Copy
  m_CurrentViewIndex: 1
  m_TargetSnapshot: {fileID: 24500006}
--- !u!243 &24300002
AudioMixerGroupController:
  m_ObjectHideFlags: 0
  m_CorrespondingSourceObject: {fileID: 0}
  m_PrefabInstance: {fileID: 0}
  m_PrefabAsset: {fileID: 0}
  m_Name: Master
  m_AudioMixer: {fileID: 24100000}
  m_GroupID: 97789b9ba1b8b514898c18bcbab70ce0
  m_Children: []
  m_Volume: 80808cc3164e19f4f8304908b0c3ed3a
  m_Pitch: de072ec6b64477d41a5c1e3892d88a09
  m_Send: 00000000000000000000000000000000
  m_Effects:
  - {fileID: 24400004}
  - {fileID: -6629021363402947271}
  - {fileID: -2006396454837859590}
  m_UserColorIndex: 0
  m_Mute: 0
  m_Solo: 0
  m_BypassEffects: 0
--- !u!244 &24400004
AudioMixerEffectController:
  m_ObjectHideFlags: 3
  m_CorrespondingSourceObject: {fileID: 0}
  m_PrefabInstance: {fileID: 0}
  m_PrefabAsset: {fileID: 0}
  m_Name: 
  m_EffectID: c5cc5dc86f06d884a9d52a13cef9240c
  m_EffectName: Attenuation
  m_MixLevel: 1e2dfa09aaba73544bb404184fa4816c
  m_Parameters: []
  m_SendTarget: {fileID: 0}
  m_EnableWetMix: 0
  m_Bypass: 0
--- !u!245 &24500006
AudioMixerSnapshotController:
  m_ObjectHideFlags: 0
  m_CorrespondingSourceObject: {fileID: 0}
  m_PrefabInstance: {fileID: 0}
  m_PrefabAsset: {fileID: 0}
  m_Name: Snapshot
  m_AudioMixer: {fileID: 24100000}
  m_SnapshotID: 1106bde0fbf7a8e4ea27091727aa5f05
  m_FloatValues:
    86a84cb2d040b5d46937725dbbbf206c: 22000
    db05ec5886178d0458b6bc7b6d6b79d0: 1
  m_TransitionOverrides: {}
--- !u!245 &9101228657706081882
AudioMixerSnapshotController:
  m_ObjectHideFlags: 0
  m_CorrespondingSourceObject: {fileID: 0}
  m_PrefabInstance: {fileID: 0}
  m_PrefabAsset: {fileID: 0}
  m_Name: DinerFullySleepy
  m_AudioMixer: {fileID: 24100000}
  m_SnapshotID: d734c77dfd11d524686f08179d111961
  m_FloatValues:
    2d288ac1d848f834689d0248f661a5d1: 0.68
    3f74f2a25eb5007409630046056201a5: -8413
    86a84cb2d040b5d46937725dbbbf206c: 2204
    46d19e836314a554b9568c36bdf19cb8: -7692
    80808cc3164e19f4f8304908b0c3ed3a: -9.6
    36cc07d51df864745a0f801e6ea9afbc: 171
    9fc1f4177b8c81f4280b6ac4bd631945: 20
    db05ec5886178d0458b6bc7b6d6b79d0: 1
    6d826088d56a2f244bf80d41a3b142be: 0.0455
    714430595c1ab1e4d8d46469d00badae: 0
    7dc6a269e0ec75a4f92696c511b65205: 0
    af082589a4fdf064a94e43afbbc72ef5: 0.057
    f40f195b4b0c6f243b023e45035cfad3: -6511
    bc6c98ef11d499046a0f2a27b6f09ce2: 100
  m_TransitionOverrides: {}
